@book{Bradski:2008,
author={Bradski, Gary and Kaehler, Adrian},
title={Learning OpenCV},
year={2008},
publisher={O'Reilly},
address={Sebastopol, CA}}

@article{Theriault:2014,
author={Theriault, Diane H. and Fuller, Nathan W. and Jackson, Brandon E. and Bluhm, Evan and Evangelista, Dennis and Wu, Zheng and Betke, Margrit and Hedrick, Tyson L.},
title={A protocol and calibration method for accurate multi-camera field videography},
journal={J exp Biol},
year={2014},
volume={217},
pages={1843--1848}}

@book{Hartley:xxxx,
author={Hartley, R and Zissermann, Z},
title={Hartley and Zissermann},
year={1900},
publisher={X},
address={X}}

@article{Hedrick:2008,
author={Hedrick, T L},
title={DLT for the People},
year={2008},
journal={Biomim Bioinsp},
volume={1},
pages={1--1000}}

@article{Borguet,
author={Borguet, B},
title={Intrinsics for the People},
year={1900},
journal={X},
volume={1},
pages={1--1000}}

@article{Lourakis,
author={Lourakis, G},
title={Sparse Bundle Adjustment for the People},
year={1900},
journal={X},
volume={1},
pages={1--1000}}
